\begin{thebibliography}

@INPROCEEDINGS{yang_subcarrier_multiplexing,
  author={Yang, Biao and Zhao, Shanshan and Yi, Minju},
  booktitle={2021 13th International Conference on Wireless Communications and Signal Processing (WCSP)}, 
  title={Subcarrier Multiplexing OFDM-based Radar Communication Integration}, 
  year={2021},
  volume={},
  number={},
  pages={1-5},
  keywords={Wireless communication;OFDM;Simulation;Bit error rate;Radar;Sensors;Resource management;integrated sensing and communications (ISAC);orthogonal frequency division multiplexing (OFDM);the Chirp signal;subcarrier configuration},
  doi={10.1109/WCSP52459.2021.9613423}}
 
\end{thebibliography}